%%%%%%%%%%%%%%%%%%%%%%%%%%%%%%%%%%%%%%%%%%%%%%%%%%%%%%%%%%%%%%%%%%%%%%%%%%%%%%%%
%%% Add here the references directly related to ZKProof, e.g., workshops, versions of the reference document, etc.


@misc{2018:zkproof:workshop-1st,
author = {ZKProof},
title = {1st ZKproof Workshop},
year = {2018},
month = {5},
city = {Boston, USA},
institution = {zkproof.org}, 
key = {ZW1}, 
website = {https://zkproof.org/first_workshop.html},
} 


@book{2019:zkproof:notes-2nd-workshop,
author = {ZKProof},
title = {Notes of the 2nd ZKProof Workshop},
editor = {Benarroch, Daniel and Brand{\~a}o, Lu{\'i}s T. A. N. and Tromer, Eran},
year = {2019},
month = {12},
publisher = {zkproof.org}, 
addendum = {(Workshop held in Berkeley, USA, in April 2019)},
key = {ZWN}, 
}


@book{2019:zkproof:workshop-2nd,
author = {ZKProof},
title = {2nd ZKProof Workshop},
year = {2019},
month = {4},
city = {Berkeley, USA},
organization = {zkproof.org}, 
website = {https://zkproof.org/workshop2/main.html},
key = {ZW2}, 
} 


@misc{2020:zkproof:workshop-3rd,
author = {ZKProof},
title = {3rd ZKproof Workshop},
year = {2020},
month = {4},
city = {London, UK},
institution = {zkproof.org}, 
key = {ZW3}, 
website = {https://zkproof.org/workshop3/main.html},
} 


@book{2019:zkproof:community-reference-0.2,
author = {ZKProof},
title = {ZKproof Community Reference},
subtitle = {Version 0.2 (Draft)},
year = {2019},
month = {12},
license = {Creative Commons Attribution 4.0 International},
publisher = {zkproof.org}, 
editor = {Benarroch, Daniel and Brandão, Luís T. A. N. and Tromer, Eran},
key = {ZKProof}, 
addendum = {Check latest version at https://github.com/zkpstandard/zkreference/}
} 


@misc{2020:zkproof:call-contribs,
    shorthand = {ZKP-CC20},
    author = {ZKProof},
    title = {Call for contributions to the ZKProof Community Reference --- Review cycle 2020: from version 0.2 to 0.3},
    editor = {ZKPRoof Editors},
    year = {2020},
    month = {8},
    howpublished = {\url{https://github.com/zkpstandard/zkreference/blob/master/Call-2020-for-contribs-to-ZCRef.pdf}}
}


@misc{2019:PEC:zkproof-comments,
    author = {Luís Brandão and René Peralta and Angela Robinson},
    title = {NIST comments on the initial ZKProof documentation},
    year = {2019},
    month = {4},
    howpublished = {\url{https://csrc.nist.gov/Projects/pec/zkproof}},
    note = {Accessed in 2021}
}
